<collection xmlns="http://www.loc.gov/MARC21/slim">
<record>
  <leader>00956nam0a22002291i 450 </leader>
  <controlfield tag="001">IT\ICCU\CNCE\078572</controlfield>
  <controlfield tag="005">20140605000000.0</controlfield>
  <datafield tag="012" ind1=" " ind2=" ">
    <subfield code="a">,oa. e.e. a.no SeLa (3) 1600 (R)</subfield>
    <subfield code="2">fei</subfield>
  </datafield>
  <datafield tag="100" ind1=" " ind2=" ">
    <subfield code="a">20140605d1600        0itac0103    ba</subfield>
  </datafield>
  <datafield tag="101" ind1=" " ind2=" ">
    <subfield code="a">ITA</subfield>
  </datafield>
  <datafield tag="102" ind1=" " ind2=" ">
    <subfield code="a">IT</subfield>
  </datafield>
  <datafield tag="200" ind1="1" ind2=" ">
    <subfield code="a">Il rosario della madonna ... del sig.r Capoleone Ghelfucci da Citt ̉di Castello</subfield>
  </datafield>
  <datafield tag="210" ind1=" " ind2=" ">
    <subfield code="a">In Venezia</subfield>
    <subfield code="c">appresso Nicolo Polo</subfield>
    <subfield code="d">1600</subfield>
    <subfield code="e">In Venetia</subfield>
    <subfield code="g">appresso Nicol ̣Polo</subfield>
    <subfield code="h">1603</subfield>
  </datafield>
  <datafield tag="215" ind1=" " ind2=" ">
    <subfield code="a">\4!, 58, 76, 65, \1! c.</subfield>
    <subfield code="d">4ʻ</subfield>
  </datafield>
  <datafield tag="620" ind1=" " ind2=" ">
    <subfield code="a">IT</subfield>
    <subfield code="d">Venezia</subfield>
  </datafield>
  <datafield tag="700" ind1=" " ind2="1">
    <subfield code="a">Ghelfucci,</subfield>
    <subfield code="b">Capoleone</subfield>
    <subfield code="3">IT\ICCU\CNCA\005989</subfield>
  </datafield>
  <datafield tag="712" ind1="0" ind2="0">
    <subfield code="a"></subfield>
    <subfield code="3">IT\ICCU\CNCT\000252</subfield>
    <subfield code="4">650</subfield>
  </datafield>
  <datafield tag="790" ind1=" " ind2="1">
    <subfield code="a">Ghelphutius,</subfield>
    <subfield code="b">Capoleo</subfield>
    <subfield code="3">IT\ICCU\CNCA\023251</subfield>
    <subfield code="z">Ghelfucci, Capoleone</subfield>
  </datafield>
  <datafield tag="790" ind1=" " ind2="1">
    <subfield code="a">Ghelfucci,</subfield>
    <subfield code="b">Capoleo</subfield>
    <subfield code="3">IT\ICCU\CNCA\023252</subfield>
    <subfield code="z">Ghelfucci, Capoleone</subfield>
  </datafield>
  <datafield tag="791" ind1="0" ind2="0">
    <subfield code="a">Polus, Nicolaus</subfield>
    <subfield code="3">IT\ICCU\CNCT\005466</subfield>
    <subfield code="z"></subfield>
  </datafield>
  <datafield tag="801" ind1=" " ind2="3">
    <subfield code="a">IT</subfield>
    <subfield code="b">ICCU</subfield>
    <subfield code="c">20201115</subfield>
  </datafield>
  <datafield tag="899" ind1=" " ind2=" ">
    <subfield code="a">Biblioteca comunale Giuseppe Taroni. Bagnacavallo</subfield>
    <subfield code="1">RA0002</subfield>
    <subfield code="2">RAV BC</subfield>
  </datafield>
</record>
</collection>
